@BOOK{Buchner2003,
  AUTHOR	=	"J. Buchner and T. Dum and M. Scholer",
  TITLE		=	"Space Plasma Simulation",
  PUBLISHER	=	"Springer-Verlag",
  YEAR		=	"2003",
}
@BOOK{Raeder2003,
  AUTHOR    =   "Joachim Raeder",
  TITLE     =   "Global Magnetohydrodynamics - A Tutorial",
  PUBLISHER =   "Space Plasma Simulation edited by: J. Buchner, C. T. Dum, and M. Scholer, Lecture Notes in Physics 615",
  YEAR      =   "2003",
}