
%% A sample bibligraphy file which should be populated with references
%%  in BibTeX format
%%
%%**********************************************************************
%% Legal Notice:
%% This code is offered as-is without any warranty either
%% expressed or implied; without even the implied warranty of
%% MERCHANTABILITY or FITNESS FOR A PARTICULAR PURPOSE!
%% User assumes all risk.
%% In no event shall any contributor to this code be liable for any damages
%% or losses, including, but not limited to, incidental, consequential, or
%% any other damages, resulting from the use or misuse of any information
%% contained here.
%%**********************************************************************
%%
%% $Id: bibfile.bib,v 1.4 2006/08/24 20:24:58 Owner Exp $
%%
@ARTICLE{Thomson2000,
  AUTHOR 	=	"A. W. P. Thompson",
  TITLE		=	"Evaluating Space Weather Forecasts of Geomagnetic Activity from a User Perspective",
  JOURNAL	=	"Geophysical Research Letters",
  YEAR		=	"2000",
  VOLUME	=	"27",
  NUMBER	=	"24",
  PAGES		=	"4049-4052",
}
@ARTICLE{Mewaldt1995,
  AUTHOR	=	"R. A. Mewaldt and  P. C. Liewer",
  TITLE		= 	"A Small Interstellar Probe to the Heliospheric Boundary and Interstellar Space",
  JOURNAL	= 	"Acta Astronautica",
  YEAR		=	"1995",
  VOLUME	=	"35",
  PAGES		=	"267-276",
}
@ARTICLE{Parker1958,
  AUTHOR	=	"E. N. Parker",
  TITLE		= 	"Dynamics of the Interplanetary Gas and Magnetic Fields",
  JOURNAL	= 	"Astrophysical Journal",
  YEAR		=	"1958",
  VOLUME	=	"128",
  PAGES		=	"664",
}
@ARTICLE{Volk2004,
  AUTHOR	=	"H. J. Volk  and V. N. Zirakashvili",
  TITLE		=	"Cosmic ray acceleration by spiral shocks in the galactic wind",
  JOURNAL	=	"Astronomy and Astrophysics",
  YEAR		=	"2004",
  VOLUME	=	"417",
  PAGES		=	"807-817",
}
@ARTICLE{Krimigis2009,
  AUTHOR    =   "S. M. Krimigis and D. G. Mitchell and E. C. Roelof and K. C. Hsieh and D. J. McComas",
  TITLE     =   "Imaging the Interaction of the Heliosphere with the Interstellar Medium from Saturn with Cassini",
  JOURNAL   =   "Science",
  YEAR      =   "2009",
  VOLUME    =   "326",
  PAGES     =   "971-973",
  NUMBER    =   "5955",
}
@ARTICLE{Pirjola2005,
  AUTHOR    =   "Risto Pirjola and Kirsti Kauristie and Hanna Lappalainen and Ari Viljanen and Antti Pulkkinen",
  TITLE     =   "Space Weather Risk",
  JOURNAL   =   "Space Weather",
  YEAR      =   "2005",
  VOLUME    =   "3",
  PAGES     =   "2",
}
@ARTICLE{Chapman1930,
  AUTHOR    =   "S. Chapman and V. C. A. Ferraro",
  TITLE     =   "A new theory of magnetic storms",
  JOURNAL   =   "Nature",
  YEAR      =   "1930",
  VOLUME    =   "126",
  PAGES     =   "129",
}
@ARTICLE{Fiebrich2009,
  AUTHOR    =   "Christopher A. Fiebrich",
  TITLE     =   "History of surface weather observations in the United States",
  JOURNAL   =   "Earth-Science reviews",
  YEAR      =   "2009",
  VOLUME    =   "93",
  PAGES     =   "77-84",
}
@ARTICLE{Andrejczuk2006,
  AUTHOR	=	"Miroslaw Andrejczuk and Wojciech W. Grabowski and Szymon P. Malinowski and Piotr K. Smolarkiewicz",
  TITLE		=	"Numerical simulation of cloud-clear air interfacial mixing: effects on cloud microphysics",
  JOURNAL	=	"Atmospheric Science",
  YEAR		=	"2006",
  VOLUME	=	"63",
  PAGES		=	"3204-3225",
}
@ARTICLE{Arge2003,
  AUTHOR	=	"C. N. Arge and D. Odstrcil and V. J. Pizzo and L. R. Maer",
  TITLE		=	"Improved method for specifying solar wind speed near the Sun",
  JOURNAL	=	"AIP Conference Preceedings",
  YEAR		=	"2003",
  VOLUME	=	"679",
  PAGES		=	"190-193",
}
@ARTICLE{Birn2007,
  AUTHOR	=	"J. Birn and J. F. Drake and M. A. Shay and B. N. Rogers and R. E. Denton and M. Hesse and M. Kuznetsova and Z. W. Ma and A. Bhattacharjee and A. Otto and P. L. Pritchett",
  TITLE		=	"Geospace Environmental Modeling (GEM) magnetic reconnection challenge",
  JOURNAL	=	"JGR",
  YEAR		=	"2007",
  VOLUME	=	"106",
  PAGES		=	"3715-3720",
}
@ARTICLE{Garcia2007,
  AUTHOR	=	"K. S. Garcia and W. J. Hughes",
  TITLE		=	"Finding the Lyon-Fedder-Mobarry magnetpause: A statistical perspective",
  JOURNAL	=	"JGRA",
  YEAR		=	"2007",
  VOLUME	=	"112",
  PAGES		=	"6229",
}
@ARTICLE{Hakamada1982,
  AUTHOR	=	"K. Hakamada and S. I. Akasofu",
  TITLE		=	"Simulation of three-dimensional Earth solar wind data supplied by NASA's National Space Science Data solar wind disturbance and resulting geomagnetic storms",
  JOURNAL	=	"Space Science Rev.",
  YEAR		=	"1982",
  VOLUME	=	"31",
  PAGES		=	"3-70",
}
@ARTICLE{Hill2000,
  AUTHOR	=	"D. L. G. Hill and P. G. Batchelor and M. Holden and D. L. Hawkes",
  TITLE		=	"Medical image registration",
  JOURNAL	=	"Phys. Med. Biol.",
  YEAR		=	"2000",
  VOLUME	=	"46",
  PAGES		=	"1-45",
}
@ARTICLE{Katzav2011,
  AUTHOR	=	"J. Katzav",
  TITLE		=	"Should we asses climate model predictions in light of severe tests?",
  JOURNAL	=	"EOSTr",
  YEAR		=	"2011",
  VOLUME	=	"92",
  PAGES		=	"195",
}
@ARTICLE{Lyon2004,
  AUTHOR	=	"J. G. Lyon and J. A. Fedder and C. M. Mobarry",
  TITLE		=	"The Lyon-Fedder-Mobarry (LFM) global MHD magnetospheric simulation code",
  JOURNAL	=	"JASTP",
  YEAR		=	"2004",
  VOLUME	=	"66",
  PAGES		=	"1333-1350",
}
@ARTICLE{MacNeice2009a,
  AUTHOR	=	"P. MacNeice",
  TITLE		=	"Validation of community models: 2. Development of a baseline using the Wang-Sheeley-Arge model",
  JOURNAL	=	"SpWea",
  YEAR		=	"2009",
  VOLUME	=	"7",
  PAGES		=	"12002",
}
@ARTICLE{MacNeice2009b,
  AUTHOR	=	"P. MacNeice",
  TITLE		=	"Validation of community models: Identifying events in space weather model timelines",
  JOURNAL	=	"SpWea",
  YEAR		=	"2009",
  VOLUME	=	"7",
  PAGES		=	"6004",
}
@ARTICLE{Mozer2003,
  AUTHOR	=	"J. B. Mozer and W. M. Briggs",
  TITLE		=	"Skill in real-time solar wind shock forecasts",
  JOURNAL	=	"JGRA",
  YEAR		=	"2003",
  VOLUME	=	"108",
  PAGES		=	"1262",
}
@ARTICLE{Owens2005,
  AUTHOR	=	"M. J. Owens and C. N. Arge and H. E. Spence and A. Pembroke",
  TITLE		=	"An event-based approach to validating solar wind speed predictions: High-speed enhancements in te Wang-Sheeley-Arge model",
  JOURNAL	=	"JGRA",
  YEAR		=	"2005",
  VOLUME	=	"110",
  PAGES		=	"12105",
}
@ARTICLE{Pulkkinen2011,
  AUTHOR	=	"A. Pulkkinen and M. Kuznetsova and A. Ridley and J. Raeder and A. Vapirev and D. Weimer and R. S. Weigel and M. Wiltberger and G. Millward and L. Rastatter and M. Hesse and H. J. Singer and A. Chulaki",
  TITLE		=	"Geospace Environment Modeling 2008-2009 Challenge: Ground magnetic field perturbations",
  JOURNAL	=	"SpWea",
  YEAR		=	"2011",
  VOLUME	=	"9",
  PAGES		=	"2004",
}
@ARTICLE{Sargent2004,
  AUTHOR	=	"R. G. Sargent",
  TITLE		=	"Verification and validation of simulation models",
  JOURNAL	=	"In. Proc. 2004 Winter Simulation Conf.",
  YEAR		=	"2004",
}
@ARTICLE{Sokolov2009,
  AUTHOR	=	"A. P. Sokolov and Coauthors",
  TITLE		=	"Probabilistic forecast for twenty-first-century climate based on uncertainties in emissions (without policy) and climate paramters",
  JOURNAL	=	"J. Climate",
  YEAR		=	"2009",
  VOLUME	=	"22",
  PAGES		=	"5175-5204",
}
@ARTICLE{Stone1998,
  AUTHOR	=	"E. C. Stone and A. M. Frandsen and R. A. Mewaldt and E. R. Christian and D. Margolies and J. F. Ormes and F. Snow",
  TITLE		=	"The Advanced Composition Explorer",
  JOURNAL	=	"SSRv",
  YEAR		=	"1998",
  VOLUME	=	"86",
  PAGES		=	"1-22",
}
@ARTICLE{Taktakishvili2009,
  AUTHOR	=	"A. Taktakishvili and M. Kuznetsova and P. MacNeice and M. Hesse and L. Rastatter and A. Pulkkinen and A. Chulaki and D. Ostrcil",
  TITLE		=	"Validation of the coronal mass ejection predictions at the Earth orbit estimated by ENLIL heliosphere cone model",
  JOURNAL	=	"SpSWea",
  YEAR		=	"2009",
  VOLUME	=	"7",
  PAGES		=	"3004",
}
@ARTICLE{Viger2011,
  AUTHOR	=	"Roland J. Viger and Lauren E. Hay and Steven L. Markstrom and John W. Jones and Gary R. Buell",
  TITLE		=	"Hydrologic effects of urbanization and climate change on the flint river basin, georgia",
  JOURNAL	=	"Earth Interact",
  YEAR		=	"2011",
  VOLUME	=	"15",
  PAGES		=	"1-25",
}
@ARTICLE{Xie2004,
  AUTHOR	=	"H. Xie and L. Ofman and G. Lawrence",
  TITLE		=	"Cone model for halo CMEs: Application to space weather forecasting",
  JOURNAL	=	"JGRA",
  YEAR		=	"2004",
  VOLUME	=	"109",
  PAGES		=	"3109",
}
@ARTICLE{Odstrcil2003,
  AUTHOR	=	"D. Odstrcil",
  TITLE		=	"Modeling 3-D solar wind structure",
  JOURNAL	=	"Adv. Space Res.",
  YEAR		=	"2003",
  VOLUME	=	"32",
  PAGES		=	"497-506",
}
@ARTICLE{Lavraud2006,
  AUTHOR	=	"B. Lavraud and M. F. Thomsen and J. E. Borovsky and M. H. Denton and T. I. Pulkkinen",
  TITLE		=	"Magnetospheric preconditioning under northward IMF: Evidence from the study of coronal mass ejection and corotating interaction region geoeffectiveness",
  JOURNAL	=	"Journal of Geophysical Research",
  YEAR		=	"2006",
  VOLUME	=	"111",
}
@ARTICLE{Juusola2013,
  AUTHOR	=	"L. Juusola and N. Partamies and E. Tanskanen",
  TITLE		=	"Effects of the ring current on preconditioning the magnetosphere for steady magnetospheric convection",
  JOURNAL	=	"Geophysical Research Letters",
  YEAR		=	"2013",
  VOLUME	=	"40",
  PAGES		=	"1917-1921",
}
@ARTICLE{Shue1998,
  AUTHOR	=	"J.-H. Shue and P. Song and C. T. Russel and J. T. Steinber and J. K. Chao and G. Zastenker and O. L. Vaisberg and S. Kokubun and H. J. Singer and T. R. Detman and H. Kawano",
  TITLE		=	"ï¿¼Magnetopause location under extreme solar wind conditions",
  JOURNAL	=	"Journal of Geophysical Research",
  YEAR		=	"1998",
  VOLUME	=	"103",
  PAGES		=	"691-700",
}
@ARTICLE{Cid2013,
  AUTHOR	=	"C. Cid and J. Palacios and E. Saiz and Y. Cerrato and J. Aguado and A. Guerrero",
  TITLE		=	"Modeling the recovery phase of extreme geomagnetic storms",
  JOURNAL	=	"Journal of Geophysical Research",
  YEAR		=	"2013",
  VOLUME	=	"118",
  PAGES		=	"4352-4359",
}
@ARTICLE{Sharma2011,
  AUTHOR	=	"A. S. Sharma and T. Veeramani",
  TITLE		=	"Extreme Events and long-range correlations in space weather",
  JOURNAL	=	"Nonlinear Processes in Geophysics",
  YEAR		=	"2011",
  VOLUME	=	"18",
  PAGES		=	"719-725",
}
@ARTICLE{Runov2006,
  AUTHOR	=	"A. Runov and V. A. Sergeev and R. Nakamura and W. Baumjohann and S. Apatenkov and Y. Asano and T. Takada and M. Volwerk and Z. Voros and T. L. Zhang and J.-A. Sauvaud and H. Reme and A. Balogh",
  TITLE		=	"Local structure of the magnetotail current sheet: 2001 Cluster observations",
  JOURNAL	=	"Annales Geophysicae",
  YEAR		=	"2006",
  VOLUME	=	"24",
  PAGES		=	"247-262",
}
@ARTICLE{Hwang2013,
  AUTHOR	=	"K.-J Hwang and M. L. Goldstein and D. E. Wendel and A. N. Fazakerley and C. Gurgiolo",
  TITLE		=	"Cluster observations near reconnection X lines in Earth's magnetotail current sheet",
  JOURNAL	=	"Journal of Geophysical Research",
  YEAR		=	"2013",
  VOLUME	=	"118",
  PAGES		=	"4199-4209",
}
@ARTICLE{Tatrallyay2012,
  AUTHOR	=	"M. Tatrallyay and G. Erdos and Z. Nemeth and M. I. Verigin and S. Vennerstrom",
  TITLE		=	"Multispacecraft observations of the terrestrial bow shock and magnetopause during extreme solar wind disturbances",
  JOURNAL	=	"Annales Geophysicae",
  YEAR		=	"2012",
  VOLUME	=	"30",
  PAGES		=	"1675-1692",
}
@ARTICLE{Maezawa1976,
  AUTHOR	=	"Kiyoshi Maezawa",
  TITLE		=	"Magnetospheric Convection Induced by the Positive and Negative Z Components of the Interplanetary Magnetic Field: Quantitative Analysis Using Polar Cap Magnetic Records",
  JOURNAL	=	"Journal of Geophysical Research",
  YEAR		=	"1976",
  VOLUME	=	"81",
  PAGES		=	"2289-2303",
}
@ARTICLE{Gonzalez2005,
  AUTHOR	=	"W. D. Gonzalez and E. Echer",
  TITLE		=	"A study on the peak Dst and peak negative Bz relationship during intense geomagnetic storms",
  JOURNAL	=	"Geophysical Research Letters",
  YEAR		=	"2005",
  VOLUME	=	"32",
  PAGES		=	"L18103",
}
@ARTICLE{Echer2008,
  AUTHOR	=	"E. Echer and W. D. Gonzalez and B. T. Tsurutani and A. L. C. Gonzalez",
  TITLE		=	"Interplanetary conditions causing geomagnetic storms (Dst $\leq$ -100 nT) during solar cycle 23 (1996-2006)",
  JOURNAL	=	"Journal of Geophysical Research",
  YEAR		=	"2008",
  VOLUME	=	"113",
  PAGES		=	"1-16",
}
@ARTICLE{Boznar2012,
  AUTHOR	=	"Marija Zlata Boznar and Primoz Mlankar and Bostjan Grasic",
  TITLE		=	"Short-term fine reolution WRF forecast data validation in complex terrain in Slovenia",
  JOURNAL	=	"International Journal of Environment and Pollution",
  YEAR		=	"2012",
  VOLUME	=	"50",
  PAGES		=	"1-4",
}
@ARTICLE{Molteni1996,
  AUTHOR	=	"F. Molteni and R. Buizza and T. N. Palmer and T. Petroliagis",
  TITLE		=	"the ECMWF Ensemble Prediction System: Mothodology and validation",
  JOURNAL	=	"Quarterly Journal of the Royal Meteorological Society",
  YEAR		=	"2006",
  VOLUME	=	"122",
  PAGES		=	"73-119",
}
@ARTICLE{Dungey1961,
  AUTHOR	=	"J. W. Dungey",
  TITLE		=	"Interplanetary Magnetic Field and the Auroral Zones",
  JOURNAL	=	"Physical Review Letters",
  YEAR		=	"1961",
  VOLUME	=	"6",
  PAGES		=	"47-48",
}
@ARTICLE{Weigel2010,
  AUTHOR	=	"R. S. Weigel",
  TITLE		=	"Solar wind density influence on geomagnetic storm intensity",
  JOURNAL	=	"Journal of Geophysical Research",
  YEAR		=	"2010",
  VOLUME	=	"115",
}
@ARTICLE{Raeder1999,
  AUTHOR	=	"J. Raeder",
  TITLE		=	"Modeling the magnetosphere for northward interplanetary magnetic field: effects of electrical resistivity",
  JOURNAL	=	"Journal of Geophysical Research",
  YEAR		=	"1999",
  VOLUME	=	"104",
}
@ARTICLE{Jones2005,
  AUTHOR	=	"J.B.L. Jones, R.D. Bentley, R. Hunter,  R.H.A. Iles, G.C. Taylor, D.J. Thomas",
  TITLE		=	"Advances in Space Research",
  JOURNAL	=	"Space Weather",
  YEAR		=	"2005",
  VOLUME	=	"36",
}
@ARTICLE{Lanzerotti2001,
  AUTHOR	=	"Louis J. Lanzerotti",
  TITLE		=	"Space Weather Effects on Technologies",
  JOURNAL	=	"Geophysical Monograph Series",
  YEAR		=	"2001",
  VOLUME	=	"125",
}
@BOOK{Buchner2003,
  AUTHOR	=	"J. Buchner and T. Dum and M. Scholer",
  TITLE		=	"Space Plasma Simulation",
  PUBLISHER	=	"Springer-Verlag",
  YEAR		=	"2003",
}
@BOOK{Raeder2003,
  AUTHOR    =   "Joachim Raeder",
  TITLE     =   "Global Magnetohydrodynamics - A Tutorial",
  PUBLISHER =   "Space Plasma Simulation edited by: J. Buchner, C. T. Dum, and M. Scholer, Lecture Notes in Physics 615",
  YEAR      =   "2003",
}
@BOOK{Kulsrud,
  AUTHOR 	=	"Russell M. Kulsrud",
  TITLE 	=	"Plasma Physics for Astrophysics",
  PUBLISHER	=	"Princeton University Press",
  YEAR		=	"2005",
}
@BOOK{Kallenrode,
  AUTHOR	= 	"May-Britt Kallenrode",
  TITLE		= 	"Space Physics",
  PUBLISHER	=	"Springer",
  YEAR		=	"2004",
  EDITION	=	"3",
}
@BOOK{Priest,
  AUTHOR    =   "Eric Priest and Terry Forbes",
  TITLE     =   "Magnetic Reconnection",
  PUBLISHER =   "Cambridge University Press",
  YEAR      =   "2000",
}
@BOOK{Kelley,
  AUTHOR    =   "Michael C. Kelley",
  TITLE     =   "The Earth's Ionosphere",
  PUBLISHER =   "Elsevuer Inc.",
  YEAR      =   "2009",
  EDITION   =   "2",
}
@BOOK{Kennel,
  AUTHOR    =   "Charles F. Kennel",
  TITLE     =   "Convection and Substorms",
  PUBLISHER =   "Oxford University Press",
  YEAR      =   "1995",
}
@BOOK{Goldston,
  AUTHOR    =   "R. J. Goldston and P. H. Rutherford",
  TITLE     =   "Introduction to Plasma Physics",
  PUBLISHER =   "Taylor & Francis Group",
  YEAR      =   "1995",
}
@BOOK{Page,
  AUTHOR    =   "Robert Moris Page",
  TITLE     =   "The Origin of Radar",
  PUBLISHER =   "Anchor Books",
  YEAR      =   "1962",
}
@BOOK{Ahrens,
  AUTHOR    =   "C. Donald Ahrens",
  TITLE     =   "Essentials of Meteorology",
  PUBLISHER =   "West Pubishing Company",
  YEAR      =   "1994",
}
@BOOK{Vasquez,
  AUTHOR    =   "Tim Vasquez",
  TITLE     =   "Weather Forecasting Handbook",
  PUBLISHER =   "weather Graphics Technologies",
  YEAR      =   "2002",
}
@ONLINE{NASA,
  TITLE		=	"NASA",
  MONTH		=	"April",
  YEAR		=	"2014",
  URL		=	"http://www.nasa.gov",
}
@ONLINE{ParkerSpiral,
  TITLE		=	"NASA's Cosmicopia -- Glossary OP",
  MONTH		=	"April",
  YEAR		=	"2014",
  URL		=	"http://helios.gsfc.nasa.gov/gloss_op.html",
}
@ONLINE{SunHelMag,
  TITLE		=	"The Sun-Earth Connection: Heliophysics Solar Storm and Space Weather ",
  MONTH		=	"April",
  YEAR		=	"2014",
  URL		=	"http://www.nasa.gov/mission_pages/sunearth/spaceweather/#.U1lA7z1dWbk",
}
@ONLINE{Sunspot,
  TITLE		=	"APOD: 2002 November 14",
  MONTH		=	"April",
  YEAR		=	"2014",
  URL		=	"http://apod.nasa.gov/apod/ap021114.html",
}
@ONLINE{CME,
  TITLE		=	"NASA - An X1.4 Solar Flare and a CME",
  MONTH		=	"April",
  YEAR		=	"2014",
  URL		=	"http://www.nasa.gov/mission_pages/sunearth/news/News092211-x1.4flare.html",
}
@ONLINE{Heliosphere,
  TITLE		=	"NASA's Cosmicopia -- Sun --Heliosphere",
  MONTH		=	"April",
  YEAR		=	"2014",
  URL		=	"http://helios.gsfc.nasa.gov/heliosph.html",
}
@ONLINE{Ionosphere,
  TITLE		=	"HF and Lower Frequency Radiation - The Ionosphere",
  MONTH		=	"April",
  YEAR		=	"2014",
  URL		=	"http://www.met.nps.edu/~psguest/EMEO_online/module3/module_3_2.html",
}
@ONLINE{Magnetosphere,
  TITLE		=	"The Sun-Earth Connection",
  MONTH		=	"April",
  YEAR		=	"2014",
  URL		=	"http://space.rice.edu/IMAGE/livefrom/sunearth.html",
}
@ONLINE{UnifCart,
  TITLE		=	"geometry - How to map a point onto a warped grid",
  MONTH		=	"April",
  YEAR		=	"2014",
  URL		=	"http://stackoverflow.com/questions/1601600/how-to-map-a-point-onto-a-warped-grid",
}
@ONLINE{StretchCart,
  TITLE		=	"OpenGGCM RUN jxr02102",
  MONTH		=	"April",
  YEAR		=	"2014",
  URL		=	"http://mhd.sr.unh.edu/~jraeder/ggcmruns/jxr02102.html",
}
@ONLINE{SAMR,
  TITLE		=	"BATS-R-US grid",
  MONTH		=	"April",
  YEAR		=	"2014",
  URL		=	"http://ccmc.gsfc.nasa.gov/requests/grid_BATSRUS.php",
}
@ONLINE{Unstruc,
  TITLE		=	"Development of an unstructured finite-volume flow solver",
  MONTH		=	"April",
  YEAR		=	"2014",
  URL		=	"http://ta.twi.tudelft.nl/users/wesselin/projects/unstructured.html",
}
@ONLINE{Lagrange,
  TITLE		=	"WMAP Observatory: Lagrange Points",
  MONTH		=	"April",
  YEAR		=	"2014",
  URL		=	"http://wmap.gsfc.nasa.gov/mission/observatory_l2.html",
}
@ONLINE{Kominsky,
  AUTHOR	=	"P. Kominsky",
  TITLE		=	"Derivation of Conservative MHD Equations",
  MONTH		=	"March",
  YEAR		=	"2013",
  URL		=	"http://www-personal.umich.edu/$\sim$paulko/R/mhd.pdf",
}
@ONLINE{ConOfMass,
  TITLE     =   "conservation of mass science definition",
  MONTH     =   "March",
  YEAR      =   "2013",
  URL       =   "http://science.yourdictionary.com/conservation-of-mass",
}
@ONLINE{ConOfMomen,
  TITLE     =   "conservation of momentum science definition",
  MONTH     =   "March",
  YEAR      =   "2013",
  URL       =   "http://science.yourdictionary.com/conservation-of-momemtum",
}
@ONLINE{ConOfEner,
  TITLE     =   "conservation of energy science definition",
  MONTH     =   "March",
  YEAR      =   "2013",
  URL       =   "http://science.yourdictionary.com/conservation-of-energy",
}
@ONLINE{ASOSNum,
  TITLE     =   "Historical Observing Metadata Repository (HOMR)",
  MONTH     =   "May",
  YEAR      =   "2013",
  URL       =   "http://www.ncdc.noaa.gov/homr/",
}
@ONLINE{CCMCModels,
  TITLE		=	"CCMC Hosted Models at a Glance",
  MONTH		=	"May",
  YEAR		=	"2013",
  URL		=	"http://ccmc.gsfc.nasa.gov/models/models_at_glance.php",
}
@ONLINE{CCMCOpenGGCM,
  TITLE		=	"CCMC OpenGGCM Model",
  MONTH		=	"Feb",
  YEAR		=	"2014",
  URL		=	"http://ccmc.gsfc.nasa.gov/models/modelinfo.php?model=OpenGGCM",
}
@ONLINE{OMNIWeb,
  TITLE		=	"SPDF - OMNIWeb Service",
  MONTH		=	"November",
  YEAR		=	"2013",
  URL		=	"http://omniweb.gsfc.nasa.gov/ow.html",
}
@ONLINE{Kameleon,
  TITLE		=	"CCMC Kameleon Software",
  MONTH		=	"December",
  YEAR		=	"2013",
  URL		=	"http://ccmc.gsfc.nasa.gov/downloads/kameleon.php",
}
@ONLINE{Paraview,
  TITLE 	= 	"Paraview - Open Source Scientific Visualization",
  MONTH		=	"December",
  YEAR		=	"2013",
  URL		=	"http://www.paraview.org",
}
@ONLINE{Kitware,
  TITLE 	= 	"Kitware inc. - leading edge, high quality software",
  MONTH		=	"February",
  YEAR		=	"2014",
  URL		=	"http://www.kitware.com",
}
@ONLINE{GMDTF,
  TITLE 	= 	"Geomagnetic Disturbance Task Force (GMDTF)",
  MONTH		=	"April",
  YEAR		=	"2014",
  URL		=	"http://www.nerc.com/comm/PC/Pages/Geomagnetic%20Disturbance%20Task%20Force%20(GMDTF)/Geomagnetic-Disturbance-Task-Force-GMDTF.aspx",
}
@ONLINE{Reconnection,
  TITLE 	= 	"MHD Reconnection - Scholarpedia",
  MONTH		=	"April",
  YEAR		=	"2014",
  URL		=	"http://www.scholarpedia.org/article/MHD_reconnection",
}
